% Encoding: UTF-8
@Book{Mao2008,
  author    = {Mao, Xuerong},
  publisher = {Horwood Publishing Limited, Chichester},
  title     = {Stochastic differential equations and applications},
  year      = {2008},
  edition   = {Second},
  isbn      = {978-1-904275-34-3},
  doi       = {10.1533/9780857099402},
  mrclass   = {60-02 (34F05 34K50 60H10 60H30 91B28)},
  mrnumber  = {2380366},
  pages     = {xviii+422},
  url       = {https://doi.org/10.1533/9780857099402},
}
@Comment{jabref-meta: databaseType:bibtex;}
